@book{caioli2017neymar,
  title={Neymar--2018 Updated Edition: The Unstoppable Rise of Barcelona's Brazilian Superstar},
  author={Caioli, Luca},
  year={2017},
  publisher={Icon Books}
}


  @Manual{Texevier,
    title = {{Texevier}: {P}ackage to create Elsevier templates for Rmarkdown},
    author = {N.F. Katzke},
    organization = {Bureau for Economic Research},
    address = {Stellenbosch, South Africa},
    note = {version 0.1.2},
    year = {2017},
  }
